<record><leader>00000cas a22000007a 4500</leader><controlfield tag="001">23459266</controlfield><controlfield tag="008">910412d1927193uctudn ne      0    0eng d</controlfield><datafield ind1=" " ind2=" " tag="010"><subfield code="a">sn 91066424 </subfield></datafield><datafield ind1=" " ind2=" " tag="040"><subfield code="a">NYS</subfield><subfield code="b">eng</subfield><subfield code="c">NYS</subfield><subfield code="d">CNW</subfield><subfield code="d">OCLCQ</subfield></datafield><datafield ind1=" " ind2=" " tag="042"><subfield code="a">msc</subfield></datafield><datafield ind1="0" ind2=" " tag="130"><subfield code="a">Times-star (Bridgeport, Conn. : 1927)</subfield></datafield><datafield ind1="1" ind2="4" tag="245"><subfield code="a">The times-star.</subfield></datafield><datafield ind1="1" ind2="7" tag="246"><subfield code="a">Bridgeport times-star</subfield></datafield><datafield ind1=" " ind2=" " tag="260"><subfield code="a">Bridgeport, Conn. :</subfield><subfield code="b">[s.n.]</subfield></datafield><datafield ind1=" " ind2=" " tag="300"><subfield code="a">v.</subfield></datafield><datafield ind1=" " ind2=" " tag="310"><subfield code="a">Daily (except Sun.)</subfield></datafield><datafield ind1="0" ind2=" " tag="362"><subfield code="a">Jan. 24, 1927-</subfield></datafield><datafield ind1=" " ind2="4" tag="651"><subfield code="a">Bridgeport (Conn.)</subfield><subfield code="v">Newspapers.</subfield></datafield><datafield ind1=" " ind2=" " tag="752"><subfield code="a">United States</subfield><subfield code="b">Connecticut</subfield><subfield code="c">Fairfield</subfield><subfield code="d">Bridgeport.</subfield></datafield><datafield ind1="0" ind2="0" tag="780"><subfield code="t">Bridgeport times, the Bridgeport star</subfield><subfield code="w">(DLC)sn 92051231</subfield><subfield code="w">(OCoLC)25719520</subfield></datafield><datafield ind1="0" ind2="6" tag="785"><subfield code="t">Times-star (Bridgeport, Conn. : City ed.)</subfield><subfield code="w">(DLC)sn 92051239</subfield><subfield code="w">(OCoLC)25735204</subfield></datafield><datafield ind1="0" ind2="6" tag="785"><subfield code="t">Times-star (Bridgeport, Conn. : County ed.)</subfield><subfield code="w">(DLC)sn 92051240</subfield><subfield code="w">(OCoLC)25735169</subfield></datafield><datafield ind1="1" ind2=" " tag="029"><subfield code="a">AU@</subfield><subfield code="b">000025907898</subfield></datafield></record>